<?xml version="1.0" encoding="UTF-8"?><collection><record><leader>12793ntm a2201141 a 4500</leader><controlfield tag="001">006814657</controlfield><controlfield tag="003">MiAaHDL</controlfield><controlfield tag="005">20190719000000.0</controlfield><controlfield tag="006">m        d        </controlfield><controlfield tag="007">cr bn ---auaua</controlfield><controlfield tag="008">090609m15081900xx            00| ||ara d</controlfield><datafield tag="035" ind1=" " ind2=" "><subfield code="a">(MiU)006814657</subfield></datafield><datafield tag="035" ind1=" " ind2=" "><subfield code="a">sdr-miu006814657</subfield></datafield><datafield tag="040" ind1=" " ind2=" "><subfield code="a">MiU</subfield><subfield code="c">MiU</subfield><subfield code="e">amremm</subfield></datafield><datafield tag="041" ind1="0" ind2=" "><subfield code="a">ara</subfield><subfield code="a">per</subfield></datafield><datafield tag="043" ind1=" " ind2=" "><subfield code="a">n-us-mi</subfield></datafield><datafield tag="245" ind1="0" ind2="0"><subfield code="6">880-03</subfield><subfield code="a">Hutut-ı mütenevvia-yı İslamiye albümü,</subfield><subfield code="f">[914 to 1317, i.e. 1508 to 1900].</subfield></datafield><datafield tag="246" ind1="3" ind2=" "><subfield code="a">Hutût-ı Mütenevvia-ı İslâmiye Albümü</subfield></datafield><datafield tag="260" ind1=" " ind2=" "><subfield code="c">[1508-1900].</subfield></datafield><datafield tag="300" ind1=" " ind2=" "><subfield code="a">22 panels :</subfield><subfield code="b">paper ;</subfield><subfield code="c">300 x 400 bound to 320 x 425 mm.</subfield></datafield><datafield tag="500" ind1=" " ind2=" "><subfield code="a">Shelfmark: Ann Arbor, University of Michigan, Special Collections Library, Isl. Ms. 438</subfield></datafield><datafield tag="500" ind1=" " ind2=" "><subfield code="a">Origin: Dated pieces range from 914 [1508 or 9] to 1317 [1899 or 1900]. Binding late 19th or early 20th century, likely produced in Yıldız Palace workshop and certainly not earlier than 1882 when the arma was finalized by Sultan Abdülhamit II.</subfield></datafield><datafield tag="500" ind1=" " ind2=" "><subfield code="a">Former shelfmark: "210" inscribed in pencil on opening panel.</subfield></datafield><datafield tag="500" ind1=" " ind2=" "><subfield code="a">Binding: Heavy boards covered in red leather ; Western style binding ; interior of boards (and facing panels) lined with white, textured paper (satin-like pattern) ; upper and lower covers carry central panel with the Ottoman arms (upper cover) or crescent and star (lower cover) gold-stamped on bright green satin, outlined in gold-tooled stars and bordered in gold-stamped (with light green-gold onlays) decorative panels in vegetal designs with crescents gold-stamped on mint-green silk onlays at the four corners ; board edges heavily beveled and gold-tooled ; edges of panels gold-painted ; sewn in heavy pink cord ; overall in fairly good condition with minor abrasion, lifting and losses of silk onlays, etc.</subfield></datafield><datafield tag="500" ind1=" " ind2=" "><subfield code="a">Support: Calligraphic pieces on assorted laid papers, well-burnished ; some decorative papers, tinted or marbled ; each mounted in heavy pasteboards (panels) covered in dark green coated and textured paper with edges gold-painted.</subfield></datafield><datafield tag="500" ind1=" " ind2=" "><subfield code="a">Decoration: Varies by piece ; use of gold and colored pigments in frames, decorative borders, textual dividers and accents (mainly rosettes) ; two miniatures, one in Indian style, the other Persian, each featuring a pair of lovers.</subfield></datafield><datafield tag="500" ind1=" " ind2=" "><subfield code="a">Script: Naskh (nesih), thuluth (sülüs) and nastaʻlīq (talik), varying by piece ; superb Ottoman and Persian calligraphic hands.</subfield></datafield><datafield tag="500" ind1=" " ind2=" "><subfield code="a">Layout: Varies greatly by piece.</subfield></datafield><datafield tag="500" ind1=" " ind2=" "><subfield code="a">Collation: Twenty-two heavy panels (pasteboards) attached via red cloth stubs (supported by further board).</subfield></datafield><datafield tag="500" ind1=" " ind2=" "><subfield code="a">Title from upper cover.</subfield></datafield><datafield tag="500" ind1=" " ind2=" "><subfield code="a">Ms. codex.</subfield></datafield><datafield tag="505" ind1="0" ind2=" "><subfield code="a">44. fol.22b : [blank].</subfield></datafield><datafield tag="505" ind1="0" ind2=" "><subfield code="a">43. fol.22a : unsigned piece in nastaʻlīq executed in filigree / cut-work, undated (compare Calligraphie islamique: Textes sacrés et profanes, no.140).</subfield></datafield><datafield tag="505" ind1="0" ind2=" "><subfield code="a">42. fol.21b : piece in nastaʻlīq (talik) signed by the calligrapher Dedezade (مشقه الفقير الحقير دده زاده) and undated.</subfield></datafield><datafield tag="505" ind1="0" ind2=" "><subfield code="a">41. fol.21a : piece in naskh with icazetname for a student of es-Seyyid Mustafa Efendi (من تلاميذ السيد مصطفى افندى) authorizing the student to sign his name to his work and to teach others, undated.</subfield></datafield><datafield tag="505" ind1="0" ind2=" "><subfield code="a">40. fol.20b : piece in nastaʻlīq signed by the calligrapher Asad Allāh Shīrāzī (العبد المذنب اسد الله شيرازى) and dated 1254 [1838 or 9].</subfield></datafield><datafield tag="505" ind1="0" ind2=" "><subfield code="a">39. fol.20a : piece in celi sülüs signed by the calligrapher Mahmut Celalettin (Mahmud Celaleddin Efendi, d.1829, حرره محمود جلال الدين) and undated.</subfield></datafield><datafield tag="505" ind1="0" ind2=" "><subfield code="a">38. fol.19b : piece in thuluth and naskh signed by the calligrapher Mustafa b. Osman Keskin (fl.1758) (الفقير مصطفى بن عثمان المعروف بكسكين) and dated 1172 [1758 or 9].</subfield></datafield><datafield tag="505" ind1="0" ind2=" "><subfield code="a">37. fol.19a : piece in nastaʻlīq signed by the calligrapher Mīr ʻImād al-Ḥasanī (d.1615) (مشقه عماد الحسنى) and undated (compare Calligraphy and the decorative arts of Islam, no.7).</subfield></datafield><datafield tag="505" ind1="0" ind2=" "><subfield code="a">36. fol.18b : piece in nastaʻlīq signed by the calligrapher Faqīr ʻAlī (فقير على) and undated (compare Calligraphy and the decorative arts of Islam, no.8).</subfield></datafield><datafield tag="505" ind1="0" ind2=" "><subfield code="a">35. fol.18a : piece in thuluth and naskh signed by the calligrapher Ahmet b. Ali Kütâhî (سوده احمد بن على المعروف بالكوتاهى) dated 1100 [1688 or 9].</subfield></datafield><datafield tag="505" ind1="0" ind2=" "><subfield code="a">34. fol.17b : piece in naskh signed by the calligrapher Hocazade Ahmet (كتبه الفقير الى رحمة القدير السيد احمد المعروف بخواجه زاده) and dated 1161 [1748].</subfield></datafield><datafield tag="505" ind1="0" ind2=" "><subfield code="a">33. fol.17a : piece in naskh signed by the calligrapher Derviş Ali [possibly İkinci Derviş Ali, d.1716] (الحقير درويش على) and undated.</subfield></datafield><datafield tag="505" ind1="0" ind2=" "><subfield code="a">32. fol.16b : piece in nastaʻlīq signed by the calligrapher Muḥammad Muhtadī (الحقر المذنب محمد مهتدى) and undated.</subfield></datafield><datafield tag="505" ind1="0" ind2=" "><subfield code="a">31. fol.16a : unsigned piece in thuluth and naskh, undated.</subfield></datafield><datafield tag="505" ind1="0" ind2=" "><subfield code="a">30. fol.15b : piece in thuluth and naskh signed by the calligrapher al-Sayyid ʻAbd Allāh (likely Yedikuleli Seyyid Abdullah, d.1731, "كتبه السيد عبد الله") and undated.</subfield></datafield><datafield tag="505" ind1="0" ind2=" "><subfield code="a">29. fol.15a : piece in thuluth and naskh signed by the calligrapher İsmail (اسمعيل, possibly Ağakapılı İsmail Efendi, d.1706) and undated.</subfield></datafield><datafield tag="505" ind1="0" ind2=" "><subfield code="a">28. fol.14b : piece in thuluth and naskh signed by the calligrapher İsmail (اسمعيل, possibly Ağakapılı İsmail Efendi, d.1706) and undated.</subfield></datafield><datafield tag="505" ind1="0" ind2=" "><subfield code="a">27. fol.14a : piece in nastaʻlīq signed by the calligrapher Muʻizz al-Dīn Muḥammad al-Ḥusaynī (كتبه معز الدين محمد الحسينى) and dated 986 [1578 or 9].</subfield></datafield><datafield tag="505" ind1="0" ind2=" "><subfield code="a">26. fol.13b : piece in thluth and naskh signed by the calligrapher Hocazade Mehmet (d.1695) (كتبت له اذنا وانا الفقير محمد خواجه زاده) and dated 1162 [1749].</subfield></datafield><datafield tag="505" ind1="0" ind2=" "><subfield code="a">25. fol.13a : piece in thuluth and naskh signed by the calligrapher Şekerzâde Mehmet Efendi (d.1753) (كتبه السيد محمد المعروف بشكر زاده) and dated 1144 [1731 or 2].</subfield></datafield><datafield tag="505" ind1="0" ind2=" "><subfield code="a">24. fol.12b : unsigned piece in nastaʻlīq, undated.</subfield></datafield><datafield tag="505" ind1="0" ind2=" "><subfield code="a">23. fol.12a : piece in nastaʻlīq signed by the calligrapher ʻAbd al-Bāqī (Abdülbâki / الفقير المذنب عبد الباقى) and undated.</subfield></datafield><datafield tag="505" ind1="0" ind2=" "><subfield code="a">22. fol.11b : piece in thuluth and naskh signed by the calligrapher Yedikuleli Seyyid Abdullah (d.1731) (كتبه العبد الفقير السيد عبد الله المعروف بالامام) and dated 1114 [1702 or 3].</subfield></datafield><datafield tag="505" ind1="0" ind2=" "><subfield code="a">21. fol.11a : piece in nastaʻlīq signed by the calligrapher Aḥmad Rashīd (الفقير احمد رشيد) and dated 1194 [1780].</subfield></datafield><datafield tag="505" ind1="0" ind2=" "><subfield code="a">20. fol.10b : unsigned piece in naskh, undated.</subfield></datafield><datafield tag="505" ind1="0" ind2=" "><subfield code="a">19. fol.10a : piece in nastaʻlīq signed by the calligrapher Muḥammad Amīn al-Ḥusaynī al-Tirmidhī (مشقه المذنب محمد امين الحسينى الترمذى) dated 1010 [1601 or 2].</subfield></datafield><datafield tag="505" ind1="0" ind2=" "><subfield code="a">18. fol.9b: piece in thluth signed by the calligrapher Hulusi (پر تقصير خلوصى) and dated 1128 [1715 or 16].</subfield></datafield><datafield tag="505" ind1="0" ind2=" "><subfield code="a">17. fol.9a : piece in thuluth signed by the calligrapher Hulusi (الفقير خلوصى) and dated 1128 [1715 or 16].</subfield></datafield><datafield tag="505" ind1="0" ind2=" "><subfield code="a">16. fol.8b : piece in naskh appearing to be the opening of the piece on fol.8a.</subfield></datafield><datafield tag="505" ind1="0" ind2=" "><subfield code="a">15. fol.8a : piece in naskh (appearing to be the continuation of the piece on fol.8b) signed by the calligrapher Yedikuleli Seyyid Abdullah (d.1731) (كتبه العبد الفقير السيد عبد الله المعروف بالامام) and dated 1120 [1708 or 9 ].</subfield></datafield><datafield tag="505" ind1="0" ind2=" "><subfield code="a">14. fol.7b : piece in nastaʻlīq signed by the calligrapher Maḥmūd Isḥāq Shihābī (مشقه محمود اسحق شهابى) and undated.</subfield></datafield><datafield tag="505" ind1="0" ind2=" "><subfield code="a">13. fol.7a : piece in nastaʻlīq signed by the calligrapher ʻAbd al-Jabbār (الفقير الحقير المذنب الراجي عبد الجبار غفر له) and undated.</subfield></datafield><datafield tag="505" ind1="0" ind2=" "><subfield code="a">12. fol.6b : unsigned piece in nastaʻlīq, undated.</subfield></datafield><datafield tag="505" ind1="0" ind2=" "><subfield code="a">11. fol.6a : piece in thuluth and naskh signed by the calligrapher Kazasker (Kadıasker) Mustafa İzzet Efendi (d.1876) (حرره السيد الحاج مصطفى عزت المعروف برئيس العلماء) and dated 1288 [1871 or 2].</subfield></datafield><datafield tag="505" ind1="0" ind2=" "><subfield code="a">10. fol.5b : piece in thuluth and naskh signed by the calligrapher Hulusi (الفقير خلوصى) and undated.</subfield></datafield><datafield tag="505" ind1="0" ind2=" "><subfield code="a">9. fol.5a : piece with text in nastaʻlīq (possibly signed ʻAbd al-Raḥmān) surrounding oval with unfinished drawing.</subfield></datafield><datafield tag="505" ind1="0" ind2=" "><subfield code="a">8. fol.4b : piece in nastaʻlīq signed by the calligrapher Mīr ʻAlī ("مشقه المذنب مير على") and undated.</subfield></datafield><datafield tag="505" ind1="0" ind2=" "><subfield code="a">7. fol.4a : painting of two lovers, likely Safavid.</subfield></datafield><datafield tag="505" ind1="0" ind2=" "><subfield code="a">6. fol.3b : painting of two lovers, in Mughal style.</subfield></datafield><datafield tag="505" ind1="0" ind2=" "><subfield code="a">5. fol.3a : piece in nastaʻlīq signed by the calligrapher Badīʻ al-Zamān Quṭbʹshāhī (بديع الزمان قطبشاهى) and undated.</subfield></datafield><datafield tag="505" ind1="0" ind2=" "><subfield code="a">4. fol.2b : unsigned piece in nastaʻlīq.</subfield></datafield><datafield tag="505" ind1="0" ind2=" "><subfield code="a">3. fol.2a : piece in nastaʻlīq signed by the calligrapher Sulṭān Muḥammad Khandān (سلطان محمد خندان) and dated 914 [1508 or 9].</subfield></datafield><datafield tag="505" ind1="0" ind2=" "><subfield code="a">2. fol.1b : piece in thuluth and naskh signed by the calligrapher Mehmet Hilmi (محمد حلمى) and dated 1283 [1866 or 7] with illuminations signed by the illuminator Osman Yümni Efendi (d.1919) (عثمان يمنى) and dated 1317 [1899 or 1900].</subfield></datafield><datafield tag="505" ind1="0" ind2=" "><subfield code="a">1. fol.1a : [blank].</subfield></datafield><datafield tag="510" ind1="4" ind2=" "><subfield code="a">Calligraphie islamique: Textes sacrés et profanes [= Islamic calligraphy: Sacred and secular writings]. (Geneva : Musée d'art et d'histoire and Treasures of Islam, 1988),</subfield><subfield code="c">no.140</subfield></datafield><datafield tag="510" ind1="4" ind2=" "><subfield code="a">Grube, Ernest J. Calligraphy and the decorative arts of Islam. (London: Bluett &amp; Sons Ltd, 1976),</subfield><subfield code="c">nos. 7 and 8</subfield></datafield><datafield tag="510" ind1="4" ind2=" "><subfield code="a">Blair, Sheila. Islamic calligraphy. Edinburgh: Edinburgh University Press, 2006.</subfield></datafield><datafield tag="510" ind1="4" ind2=" "><subfield code="a">Bayānī, Mahdī. Aḥvāl va āsār-i khūshʹnavīsān : nastaʻlīq navīsān. [Tehran] : Dānishgāh-i Tihrān, 1345 [1966].</subfield></datafield><datafield tag="510" ind1="4" ind2=" "><subfield code="a">Rado, Şevket. Türk hattatları : XV. yüzyıldan günümüze kadar gelmiş ünlü hattatların hayatları ve yazılarından örnekler. İstanbul : Yayın Matbaacılık Ticaret Limited Şti., [1984?].</subfield></datafield><datafield tag="510" ind1="4" ind2=" "><subfield code="a">Derman, M. Uğur. Letters in gold : Ottoman calligraphy from the Sakıp Sabancı collection, Istanbul. New York : Metropolitian Museum of Art : Distributed by H.N. Abrams, c1998.</subfield></datafield><datafield tag="510" ind1="4" ind2=" "><subfield code="a">Serin, Muhittin. "Amerika Birleşik Devletleri’ndeki Bazı Kütüphanelerde Bulunan İslam El Yazma Eserleri ve Michigan Üniversitesi II. Abdülhamid Koleksiyonu." Akademik Araştırmalar Dergisi 2, 4-5, (2000).</subfield></datafield><datafield tag="510" ind1="4" ind2=" "><subfield code="a">Zakariya, Mohamed. "Islamic calligraphy: A technical overview." In Brocade of the pen: the art of Islamic writing. Carol Garrett Fisher, ed. (East Lansing, MI: Kresge Art Museum, Michigan State University, 1991):</subfield><subfield code="c">1-17</subfield></datafield><datafield tag="510" ind1="4" ind2=" "><subfield code="a">Brocade of the pen : the art of Islamic writing. Carol Garrett Fisher, ed. (East Lansing, MI: Kresge Art Museum, Michigan State University, 1991),</subfield><subfield code="c">no.4, p.83</subfield></datafield><datafield tag="520" ind1="8" ind2=" "><subfield code="a">Exquisite album of assorted calligraphic specimens (42 kıt'alar / pieces), many signed, likely assembled and bound for Sultan Abdülhamit II (r.1876-1909). Contents briefly addressed by Muhittin Serin in "Amerika Birleşik Devletleri’ndeki Bazı Kütüphanelerde Bulunan İslam El Yazma Eserleri ve Michigan Üniversitesi II. Abdülhamid Koleksiyonu." Contributions to the cataloguing from Mamoun Sakkal.</subfield></datafield><datafield tag="538" ind1=" " ind2=" "><subfield code="a">Mode of access: Internet.</subfield></datafield><datafield tag="541" ind1=" " ind2=" "><subfield code="c">Purchase ;</subfield><subfield code="a">Acquired by purchase (funds donated by Horace Rackham).</subfield><subfield code="d">1924.</subfield></datafield><datafield tag="546" ind1=" " ind2=" "><subfield code="a">Arabic and Persian.</subfield></datafield><datafield tag="561" ind1=" " ind2=" "><subfield code="a">Upper cover stamped with Ottoman arms (arma / آرما ), tuğra (ṭughrā / طغرا) at head only faintly visible though likely that of Sultan Abdülhamit II.</subfield></datafield><datafield tag="650" ind1=" " ind2="0"><subfield code="a">Manuscripts, Persian</subfield><subfield code="z">Michigan</subfield><subfield code="z">Ann Arbor.</subfield></datafield><datafield tag="650" ind1=" " ind2="0"><subfield code="a">Manuscripts, Arabic</subfield><subfield code="z">Michigan</subfield><subfield code="z">Ann Arbor.</subfield></datafield><datafield tag="650" ind1=" " ind2="0"><subfield code="a">Calligraphy, Persian</subfield><subfield code="v">Specimens.</subfield></datafield><datafield tag="650" ind1=" " ind2="0"><subfield code="a">Calligraphy, Arabic</subfield><subfield code="v">Specimens.</subfield></datafield><datafield tag="650" ind1=" " ind2="0"><subfield code="a">Writing, Arabic</subfield><subfield code="v">Specimens.</subfield></datafield><datafield tag="650" ind1=" " ind2="0"><subfield code="a">Islamic calligraphy</subfield><subfield code="v">Specimens.</subfield></datafield><datafield tag="700" ind1="0" ind2=" "><subfield code="a">Abdülhamid</subfield><subfield code="b">II,</subfield><subfield code="c">Sultan of the Turks,</subfield><subfield code="d">1842-1918,</subfield><subfield code="e">former owner.</subfield></datafield><datafield tag="773" ind1="0" ind2=" "><subfield code="a">Abdul Hamid Collection.</subfield></datafield><datafield tag="880" ind1="0" ind2="0"><subfield code="6">245-03/</subfield><subfield code="a">خطوط متنوعۀ اسلاميه البومى,</subfield><subfield code="f">[914ه الى 1317ه، 1508م الى 1900م].</subfield></datafield><datafield tag="CID" ind1=" " ind2=" "><subfield code="a">006814657</subfield></datafield><datafield tag="DAT" ind1="0" ind2=" "><subfield code="a">20190719102638.0</subfield><subfield code="b">20190719000000.0</subfield></datafield><datafield tag="DAT" ind1="1" ind2=" "><subfield code="a">20190719090653.0</subfield><subfield code="b">2019-07-19T16:12:10Z</subfield></datafield><datafield tag="DAT" ind1="2" ind2=" "><subfield code="a">2015-10-02T18:00:03Z</subfield><subfield code="b">2014-04-23T20:00:03Z</subfield></datafield><datafield tag="CAT" ind1=" " ind2=" "><subfield code="a">SDR-MIU</subfield><subfield code="d">EX LIBRIS - ALEPH</subfield><subfield code="l">prepare.pl-004-008</subfield></datafield><datafield tag="FMT" ind1=" " ind2=" "><subfield code="a">BK</subfield></datafield><datafield tag="HOL" ind1=" " ind2=" "><subfield code="0">sdr-miu006814657</subfield><subfield code="a">MiU</subfield><subfield code="b">SDR</subfield><subfield code="c">MIU</subfield><subfield code="p">mdp.39015079129071</subfield><subfield code="s">MIU</subfield><subfield code="1">006814657</subfield></datafield><datafield tag="974" ind1=" " ind2=" "><subfield code="b">MIU</subfield><subfield code="c">MIU</subfield><subfield code="d">20190719</subfield><subfield code="s">lit-dlps-dc</subfield><subfield code="u">mdp.39015079129071</subfield><subfield code="y">1900</subfield><subfield code="r">pd</subfield><subfield code="q">add</subfield></datafield></record></collection>